Buchung;Valuta;Buchungstext;Belastung;Gutschrift;Saldo (CHF)
19.08.2024;16.08.2024;"Warenbezug/Dienstleistung / 1676991539 Bezugsort: Migros M E";3.80;;218.99
16.08.2024;14.08.2024;"Warenbezug/Dienstleistung / 1676244855 Bezugsort: Migros MM ";1.90;;222.79
15.08.2024;15.08.2024;"Gutschrift / 1676610145 Im Auftrag von Mauch Cyrus B., Sempa";;83.00;224.69
15.08.2024;13.08.2024;"Warenbezug/Dienstleistung / 1675711103 Bezugsort: Coop-3705 ";11.80;;141.69
14.08.2024;12.08.2024;"Warenbezug/Dienstleistung / 1675486913 Bezugsort: Migros MR ";3.00;;153.49
14.08.2024;13.08.2024;"TWINT Belastung / 1675926900 TANNALP GASTRO, MELCHSEE-FRUTT ";6.00;;156.49
13.08.2024;13.08.2024;"TWINT Überweisung / 1675860807 Homie Bm 13.08.24 / 13:47:28 H";6.00;;162.49
13.08.2024;13.08.2024;"TWINT Gutschrift / 1675773597 Mauch Gabriele +41765533663 13";;20.00;168.49
13.08.2024;11.08.2024;"Warenbezug/Dienstleistung / 1675199361 Bezugsort: Restaurant";6.00;;148.49
12.08.2024;10.08.2024;"Warenbezug/Dienstleistung / 1675042133 Bezugsort: Migros M S";1.90;;154.49
12.08.2024;07.08.2024;"Warenbez./Dienstleist. Ausl. / 1673963299 Bezugsort: PAYPAL ";1.00;;156.39
09.08.2024;05.08.2024;"Warenbez./Dienstleist. Ausl. / 1673127413 Bezugsort: PAYPAL ";3.65;;157.39
08.08.2024;04.08.2024;"Warenbez./Dienstleist. Ausl. / 1672754448 Bezugsort: PAYPAL ";14.99;;161.04
08.08.2024;06.08.2024;"Warenbez./Dienstleist. Ausl. / 1673506592 Bezugsort: AMZN Mk";35.59;;176.03
07.08.2024;07.08.2024;"Vergütung / 1673580417 MOTOLINO GmbH     Schweiz";10398.00;;211.62
06.08.2024;06.08.2024;"Gutschrift / 1673334126 BALOISE VERSICHERUNG AG AESCHENGRABE";;2028.00;10609.62
05.08.2024;05.08.2024;"Gutschrift / 1672926582 Im Auftrag von Mauch Gabriele, Sempa";;100.00;8581.62
05.08.2024;05.08.2024;"Gutschrift / 1672894657 Auto Zentrum AG Bucherstrasse 12 955";;972.00;8481.62
05.08.2024;04.08.2024;"TWINT Gutschrift / 1672754394 Mauch Gabriele +41765533663 04";;8.00;7509.62
05.08.2024;02.08.2024;"Warenbezug/Dienstleistung / 1672283588 Bezugsort: Aldi Suiss";3.55;;7501.62
05.08.2024;02.08.2024;"Warenbezug/Dienstleistung / 1672385294 Bezugsort: Aldi Suiss";3.25;;7505.17
05.08.2024;01.08.2024;"Warenbezug/Dienstleistung / 1671869028 Bezugsort: FP Luzern ";2.75;;7508.42
02.08.2024;31.07.2024;"Warenbezug/Dienstleistung / 1671138277 Bezugsort: Aldi Suiss";1.75;;7511.17
01.08.2024;30.07.2024;"Warenbezug/Dienstleistung / 1670526757 Bezugsort: Aldi Suiss";0.55;;7512.92
31.07.2024;29.07.2024;"Warenbezug/Dienstleistung / 1669815888 Bezugsort: Aldi Suiss";2.40;;7513.47
29.07.2024;27.07.2024;"Warenbezug/Dienstleistung / 1669295598 Bezugsort: Aldi Suiss";1.85;;7515.87
29.07.2024;27.07.2024;"Warenbezug/Dienstleistung / 1669319929 Bezugsort: Migros M S";3.80;;7517.72
29.07.2024;26.07.2024;"Warenbezug/Dienstleistung / 1669015414 Bezugsort: Aldi Suiss";3.75;;7521.52
29.07.2024;25.07.2024;"Warenbezug/Dienstleistung / 1668378280 Bezugsort: Aldi Suiss";7.00;;7525.27
29.07.2024;25.07.2024;"Warenbezug/Dienstleistung / 1668411948 Bezugsort: Aldi Suiss";0.55;;7532.27
29.07.2024;25.07.2024;"Warenbezug/Dienstleistung / 1668445806 Bezugsort: Aldi Suiss";0.45;;7532.82
26.07.2024;26.07.2024;"TWINT Belastung / 1669215118 KON THAI SHOP, MOOSLEERAU 26.07";5.00;;7533.27
26.07.2024;24.07.2024;"Warenbezug/Dienstleistung / 1667723556 Bezugsort: Aldi Suiss";3.40;;7538.27
25.07.2024;25.07.2024;"Gutschrift / 1668185651 STRIPE PAYMENTS UK LTD 9TH FLOOR, 10";;54.45;7541.67
25.07.2024;25.07.2024;"Gutschrift / 1668127743 ALDI SUISSE AG Niederstettenstrasse ";;3527.00;7487.22
25.07.2024;23.07.2024;"Warenbezug/Dienstleistung / 1667288236 Bezugsort: Aldi Suiss";0.55;;3960.22
24.07.2024;21.07.2024;"Warenbezug/Dienstleistung / 1666647401 Bezugsort: Lurag Luze";1.00;;3960.77
24.07.2024;22.07.2024;"Warenbezug/Dienstleistung / 1666975041 Bezugsort: Aldi Suiss";5.65;;3961.77
22.07.2024;20.07.2024;"Warenbezug/Dienstleistung / 1666173762 Bezugsort: Aldi Suiss";2.25;;3967.42
22.07.2024;21.07.2024;"TWINT Gutschrift / 1666597712 Mauch Gabriele +41765533663 21";;20.00;3969.67
22.07.2024;19.07.2024;"Warenbezug/Dienstleistung / 1665872852 Bezugsort: Aldi Suiss";5.55;;3949.67
22.07.2024;19.07.2024;"Warenbezug/Dienstleistung / 1665964735 Bezugsort: Aldi Suiss";13.80;;3955.22
22.07.2024;18.07.2024;"Warenbezug/Dienstleistung / 1665467411 Bezugsort: Aldi Suiss";3.65;;3969.02
19.07.2024;17.07.2024;"Warenbezug/Dienstleistung / 1665078609 Bezugsort: Aldi Suiss";5.70;;3972.67
19.07.2024;17.07.2024;"Warenbezug/Dienstleistung / 1664961099 Bezugsort: Aldi Suiss";4.30;;3978.37
17.07.2024;15.07.2024;"Warenbezug/Dienstleistung / 1664392241 Bezugsort: Aldi Suiss";0.75;;3982.67
17.07.2024;15.07.2024;"Warenbezug/Dienstleistung / 1664212569 Bezugsort: Aldi Suiss";4.35;;3983.42
16.07.2024;14.07.2024;"Warenbezug/Dienstleistung / 1664050468 Bezugsort: Migros M E";1.15;;3987.77
15.07.2024;15.07.2024;"Gutschrift / 1664203719 STRIPE PAYMENTS UK LTD 9TH FLOOR, 10";;40.57;3988.92
15.07.2024;11.07.2024;"Warenbez./Dienstleist. Ausl. / 1663350637 Bezugsort: PAYPAL ";8.71;;3948.35
15.07.2024;13.07.2024;"Warenbezug/Dienstleistung / 1663814910 Bezugsort: Aldi Suiss";2.85;;3957.06
15.07.2024;14.07.2024;"Einzahlung Bancomat Münzen / 1663981531 Bancomat: LUKB Sempa";;8.45;3959.91
15.07.2024;14.07.2024;"Einzahlung Bancomat Noten / 1663981350 Bancomat: LUKB Sempac";;70.88;3951.46
15.07.2024;14.07.2024;"Einzahlung Bancomat Noten / 1663981348 Bancomat: LUKB Sempac";;30.00;3880.58
15.07.2024;11.07.2024;"Warenbezug/Dienstleistung / 1663310522 Bezugsort: Aldi Suiss";0.55;;3850.58
15.07.2024;11.07.2024;"Warenbezug/Dienstleistung / 1663212604 Bezugsort: Aldi Suiss";4.20;;3851.13
12.07.2024;10.07.2024;"Warenbezug/Dienstleistung / 1662917321 Bezugsort: Aldi Suiss";6.95;;3855.33
12.07.2024;10.07.2024;"Warenbezug/Dienstleistung / 1662848567 Bezugsort: Aldi Suiss";7.10;;3862.28
12.07.2024;08.07.2024;"Warenbez./Dienstleist. Ausl. / 1662141093 Bezugsort: PAYPAL ";1.69;;3869.38
11.07.2024;09.07.2024;"Warenbezug/Dienstleistung / 1662403303 Bezugsort: Aldi Suiss";4.15;;3871.07
10.07.2024;10.07.2024;"Gutschrift / 1662673886 STRIPE PAYMENTS UK LTD 9TH FLOOR, 10";;107.01;3875.22
08.07.2024;08.07.2024;"Gutschrift / 1661879477 STRIPE PAYMENTS UK LTD 9TH FLOOR, 10";;61.06;3768.21
08.07.2024;06.07.2024;"Warenbezug/Dienstleistung / 1661501071 Bezugsort: Aldi Suiss";2.35;;3707.15
08.07.2024;06.07.2024;"Warenbezug/Dienstleistung / 1661287290 Bezugsort: Aldi Suiss";3.75;;3709.50
08.07.2024;03.07.2024;"Warenbez./Dienstleist. Ausl. / 1660287865 Bezugsort: PAYPAL ";13.78;;3713.25
08.07.2024;05.07.2024;"Warenbezug/Dienstleistung / 1661178479 Bezugsort: Aldi Suiss";2.85;;3727.03
08.07.2024;05.07.2024;"Warenbezug/Dienstleistung / 1661126798 Bezugsort: Aldi Suiss";6.80;;3729.88
08.07.2024;04.07.2024;"Warenbezug/Dienstleistung / 1660657582 Bezugsort: Aldi Suiss";12.55;;3736.68
08.07.2024;04.07.2024;"Warenbezug/Dienstleistung / 1660503007 Bezugsort: Aldi Suiss";3.10;;3749.23
05.07.2024;05.07.2024;"TWINT Gutschrift / 1661066150 Mauch Christoph +41765533666 «";;152.00;3752.33
05.07.2024;03.07.2024;"Warenbezug/Dienstleistung / 1660097800 Bezugsort: Aldi Suiss";7.90;;3600.33
05.07.2024;03.07.2024;"Warenbezug/Dienstleistung / 1660179741 Bezugsort: Aldi Suiss";3.65;;3608.23
05.07.2024;05.07.2024;"Gutschrift / 1660879878 Im Auftrag von Mauch Gabriele, Sempa";;100.00;3611.88
04.07.2024;02.07.2024;"Warenbezug/Dienstleistung / 1659682470 Bezugsort: Aldi Suiss";5.85;;3511.88
04.07.2024;01.07.2024;"Warenbez./Dienstleist. Ausl. / 1658857230 Bezugsort: R KIOSK";2.96;;3517.73
03.07.2024;01.07.2024;"Warenbez./Dienstleist. Ausl. / 1659118638 Bezugsort: REWE Da";0.40;;3520.69
03.07.2024;30.06.2024;"Warenbez./Dienstleist. Ausl. / 1658595409 Bezugsort: KOLMJAL";0.74;;3521.09
03.07.2024;01.07.2024;"Warenbez./Dienstleist. Ausl. / 1659155072 Bezugsort: ANSONS ";175.16;;3521.83
03.07.2024;01.07.2024;"Warenbez./Dienstleist. Ausl. / 1659250010 Bezugsort: Stadtwe";6.22;;3696.99
03.07.2024;30.06.2024;"Warenbez./Dienstleist. Ausl. / 1658567298 Bezugsort: KOLMJAL";1.19;;3703.21
03.07.2024;01.07.2024;"Warenbez./Dienstleist. Ausl. / 1658848196 Bezugsort: TALLINN";1.98;;3704.40
02.07.2024;30.06.2024;"Warenbez./Dienstleist. Ausl. / 1658560821 Bezugsort: tzp*Ver";20.23;;3706.38
01.07.2024;01.07.2024;"Gutschrift / 1659081270 STRIPE PAYMENTS UK LTD 9TH FLOOR, 10";;14.05;3726.61
01.07.2024;01.07.2024;"Gutschrift / 1659080485 STRIPE PAYMENTS UK LTD 9TH FLOOR, 10";;6.48;3712.56
01.07.2024;28.06.2024;"Warenbez./Dienstleist. Ausl. / 1657678933 Bezugsort: Lagarde";2.96;;3706.08
01.07.2024;28.06.2024;"Warenbez./Dienstleist. Ausl. / 1657677913 Bezugsort: Heinema";1.48;;3709.04
01.07.2024;27.06.2024;"Warenbezug/Dienstleistung / 1656517297 Bezugsort: Aldi Suiss";4.05;;3710.52
01.07.2024;27.06.2024;"Warenbezug/Dienstleistung / 1656726140 Bezugsort: Coop Pront";2.25;;3714.57
01.07.2024;27.06.2024;"Warenbezug/Dienstleistung / 1656726637 Bezugsort: Brezelkoni";4.50;;3716.82
28.06.2024;26.06.2024;"Warenbezug/Dienstleistung / 1655934343 Bezugsort: Aldi Suiss";4.40;;3721.32
28.06.2024;26.06.2024;"Warenbezug/Dienstleistung / 1655941753 Bezugsort: Aldi Suiss";0.85;;3725.72
27.06.2024;27.06.2024;"Gutschrift / 1656390742 STRIPE PAYMENTS UK LTD 9TH FLOOR, 10";;19.63;3726.57
27.06.2024;23.06.2024;"Warenbez./Dienstleist. Ausl. / 1654329230 Bezugsort: PAYPAL ";1.49;;3706.94
27.06.2024;25.06.2024;"Warenbezug/Dienstleistung / 1655204117 Bezugsort: Aldi Suiss";2.85;;3708.43
27.06.2024;23.06.2024;"Warenbez./Dienstleist. Ausl. / 1654335097 Bezugsort: PAYPAL ";10.64;;3711.28
27.06.2024;23.06.2024;"Warenbez./Dienstleist. Ausl. / 1654329001 Bezugsort: PAYPAL ";7.66;;3721.92
27.06.2024;23.06.2024;"Warenbez./Dienstleist. Ausl. / 1654340227 Bezugsort: PAYPAL ";101.21;;3729.58
26.06.2024;24.06.2024;"Warenbezug/Dienstleistung / 1654538002 Bezugsort: Aldi Suiss";3.85;;3830.79
25.06.2024;25.06.2024;"Gutschrift / 1655413143 ALDI SUISSE AG Niederstettenstrasse ";;1842.40;3834.64
25.06.2024;25.06.2024;"Gutschrift / 1655367281 STRIPE PAYMENTS UK LTD 9TH FLOOR, 10";;28.45;1992.24
25.06.2024;23.06.2024;"Warenbezug/Dienstleistung / 1654319004 Bezugsort: Benzin Dis";2.35;;1963.79
24.06.2024;24.06.2024;"Gutschrift / 1654754522 Im Auftrag von Mauch Cyrus B., Sempa";;72.00;1966.14
24.06.2024;24.06.2024;"Gutschrift / 1654498758 STRIPE PAYMENTS UK LTD 9TH FLOOR, 10";;22.95;1894.14
24.06.2024;20.06.2024;"Warenbez./Dienstleist. Ausl. / 1653193571 Bezugsort: PAYPAL ";1.51;;1871.19
24.06.2024;22.06.2024;"Warenbezug/Dienstleistung / 1653998857 Bezugsort: Aldi Suiss";4.35;;1872.70
24.06.2024;20.06.2024;"Warenbez./Dienstleist. Ausl. / 1653192815 Bezugsort: PAYPAL ";7.42;;1877.05
24.06.2024;22.06.2024;"Warenbezug/Dienstleistung / 1654224641 Bezugsort: Ruedi Russ";9.85;;1884.47
24.06.2024;21.06.2024;"Warenbezug/Dienstleistung / 1653556859 Bezugsort: Migros MMM";0.95;;1894.32
24.06.2024;20.06.2024;"Warenbezug/Dienstleistung / 1652988262 Bezugsort: Aldi Suiss";1.35;;1895.27
24.06.2024;18.06.2024;"Warenbez./Dienstleist. Ausl. / 1652326931 Bezugsort: PAYPAL ";1.51;;1896.62
24.06.2024;18.06.2024;"Warenbez./Dienstleist. Ausl. / 1652324280 Bezugsort: PAYPAL ";2.01;;1898.13
24.06.2024;20.06.2024;"Warenbezug/Dienstleistung / 1653098650 Bezugsort: Aldi Suiss";0.85;;1900.14
21.06.2024;21.06.2024;"Gutschrift / 1653399731 STRIPE PAYMENTS UK LTD 9TH FLOOR, 10";;14.08;1900.99
21.06.2024;19.06.2024;"Warenbezug/Dienstleistung / 1652514072 Bezugsort: Aldi Suiss";2.75;;1886.91
20.06.2024;18.06.2024;"Warenbezug/Dienstleistung / 1652281663 Bezugsort: Aldi Suiss";1.75;;1889.66
20.06.2024;18.06.2024;"Warenbez./Dienstleist. Ausl. / 1652201816 Bezugsort: Gaijin ";0.99;;1891.41
19.06.2024;17.06.2024;"Warenbezug/Dienstleistung / 1651914916 Bezugsort: Aldi Suiss";2.70;;1892.40
19.06.2024;17.06.2024;"Warenbez./Dienstleist. Ausl. / 1651991380 Bezugsort: binance";485.37;;1895.10
18.06.2024;14.06.2024;"Warenbez./Dienstleist. Ausl. / 1651198078 Bezugsort: PAYPAL ";7.53;;2380.47
18.06.2024;17.06.2024;"Gutschrift / 1651997979 Im Auftrag von Mauch Cyrus B., Sempa";;69.00;2388.00
17.06.2024;17.06.2024;"Gutschrift / 1651742956 STRIPE PAYMENTS UK LTD 9TH FLOOR, 10";;6.51;2319.00
17.06.2024;17.06.2024;"Gutschrift / 1651742436 STRIPE PAYMENTS UK LTD 9TH FLOOR, 10";;646.36;2312.49
17.06.2024;17.06.2024;"Gutschrift / 1651740108 STRIPE PAYMENTS UK LTD 9TH FLOOR, 10";;66.14;1666.13
17.06.2024;13.06.2024;"Warenbez./Dienstleist. Ausl. / 1650879087 Bezugsort: PAYPAL ";0.77;;1599.99
17.06.2024;13.06.2024;"Warenbezug/Dienstleistung / 1650885829 Bezugsort: Benzin Dis";8.00;;1600.76
14.06.2024;14.06.2024;"Gutschrift / 1651053975 STRIPE PAYMENTS UK LTD 9TH FLOOR, 10";;58.08;1608.76
14.06.2024;13.06.2024;"Warenbezug/Dienstleistung / 1650802205 Bezugsort: JUMBO-2339";13.90;;1550.68
14.06.2024;13.06.2024;"Warenbezug/Dienstleistung / 1650789319 Bezugsort: Landi Semp";72.50;;1564.58
13.06.2024;13.06.2024;"Gutschrift / 1650629323 STRIPE PAYMENTS UK LTD 9TH FLOOR, 10";;51.40;1637.08
13.06.2024;12.06.2024;"Warenbezug/Dienstleistung / 1650297604 Bezugsort: Coop-1122 ";2.60;;1585.68
12.06.2024;12.06.2024;"Gutschrift / 1650229890 STRIPE PAYMENTS UK LTD 9TH FLOOR, 10";;70.75;1588.28
12.06.2024;08.06.2024;"Warenbez./Dienstleist. Ausl. / 1649079423 Bezugsort: PAYPAL ";0.05;;1517.53
12.06.2024;08.06.2024;"Warenbez./Dienstleist. Ausl. / 1649079831 Bezugsort: PAYPAL ";7.59;;1517.58
12.06.2024;08.06.2024;"Warenbez./Dienstleist. Ausl. / 1649139356 Bezugsort: PAYPAL ";1.49;;1525.17
12.06.2024;08.06.2024;"Warenbez./Dienstleist. Ausl. / 1649138524 Bezugsort: PAYPAL ";7.61;;1526.66
12.06.2024;08.06.2024;"Warenbez./Dienstleist. Ausl. / 1649089801 Bezugsort: PAYPAL ";4.26;;1534.27
11.06.2024;11.06.2024;"Gutschrift / 1649840212 STRIPE PAYMENTS UK LTD 9TH FLOOR, 10";;68.48;1538.53
11.06.2024;09.06.2024;"Warenbez./Dienstleist. Ausl. / 1649285604 Bezugsort: OPTIMIZ";49.75;;1470.05
11.06.2024;09.06.2024;"Warenbezug/Dienstleistung / 1649224420 Bezugsort: Migros M E";3.95;;1519.80
11.06.2024;09.06.2024;"Warenbezug/Dienstleistung / 1649254243 Bezugsort: little ist";12.50;;1523.75
11.06.2024;09.06.2024;"Warenbezug/Dienstleistung / 1649253254 Bezugsort: Migros M E";0.95;;1536.25
10.06.2024;10.06.2024;"Gutschrift / 1649458336 STRIPE PAYMENTS UK LTD 9TH FLOOR, 10";;110.98;1537.20
10.06.2024;10.06.2024;"Gutschrift / 1649458325 STRIPE PAYMENTS UK LTD 9TH FLOOR, 10";;85.61;1426.22
10.06.2024;10.06.2024;"Gutschrift / 1649458055 STRIPE PAYMENTS UK LTD 9TH FLOOR, 10";;50.25;1340.61
10.06.2024;08.06.2024;"Warenbez./Dienstleist. Ausl. / 1649192370 Bezugsort: BIFINIT";14.92;;1290.36
10.06.2024;09.06.2024;"Warenbez./Dienstleist. Ausl. / 1649191544 Bezugsort: tzp*tzp";20.27;;1305.28
10.06.2024;06.06.2024;"Warenbez./Dienstleist. Ausl. / 1648509661 Bezugsort: PAYPAL ";7.32;;1325.55
10.06.2024;06.06.2024;"Warenbez./Dienstleist. Ausl. / 1648510292 Bezugsort: PAYPAL ";1.49;;1332.87
10.06.2024;07.06.2024;"Gutschrift Kartentransaktion / 1649218012 Bezugsort: PAYPAL ";;2.50;1334.36
10.06.2024;05.06.2024;"Warenbez./Dienstleist. Ausl. / 1648074204 Bezugsort: PAYPAL ";1.26;;1331.86
10.06.2024;07.06.2024;"Warenbezug/Dienstleistung / 1648901088 Bezugsort: Migros MP ";3.65;;1333.12
07.06.2024;03.06.2024;"Warenbez./Dienstleist. Ausl. / 1647296689 Bezugsort: PAYPAL ";7.68;;1336.77
06.06.2024;06.06.2024;"Gutschrift / 1648263833 STRIPE PAYMENTS UK LTD 9TH FLOOR, 10";;39.25;1344.45
05.06.2024;01.06.2024;"Warenbez./Dienstleist. Ausl. / 1646512543 Bezugsort: PAYPAL ";7.77;;1305.20
05.06.2024;01.06.2024;"Warenbez./Dienstleist. Ausl. / 1646511170 Bezugsort: PAYPAL ";7.55;;1312.97
05.06.2024;05.06.2024;"Gutschrift / 1647744553 Im Auftrag von Mauch Gabriele, Sempa";;100.00;1320.52
04.06.2024;02.06.2024;"Warenbezug/Dienstleistung / 1646680789 Bezugsort: Benzin Dis";10.90;;1220.52
03.06.2024;03.06.2024;"Gutschrift / 1646945895 STRIPE PAYMENTS UK LTD 9TH FLOOR, 10";;44.52;1231.42
03.06.2024;03.06.2024;"Gutschrift / 1646941761 STRIPE PAYMENTS UK LTD 9TH FLOOR, 10";;45.32;1186.90
03.06.2024;03.06.2024;"Gutschrift / 1646757577 Im Auftrag von Mauch Cyrus B., Sempa";;39.00;1141.58
03.06.2024;03.06.2024;"Gutschrift / 1646757541 Im Auftrag von Mauch Cyrus B., Sempa";;39.50;1102.58
03.06.2024;29.05.2024;"Warenbez./Dienstleist. Ausl. / 1644616059 Bezugsort: PAYPAL ";1.48;;1063.08
31.05.2024;31.05.2024;"Gutschrift / 1645851348 STRIPE PAYMENTS UK LTD 9TH FLOOR, 10";;74.30;1064.56
31.05.2024;27.05.2024;"Warenbez./Dienstleist. Ausl. / 1643646757 Bezugsort: PAYPAL ";11.66;;990.26
31.05.2024;30.05.2024;"Gutschrift / 1645246159 Im Auftrag von Mauch Cyrus B., Sempa";;143.00;1001.92
30.05.2024;30.05.2024;"Gutschrift / 1645024298 STRIPE PAYMENTS UK LTD 9TH FLOOR, 10";;76.54;858.92
29.05.2024;27.05.2024;"Warenbez./Dienstleist. Ausl. / 1643487399 Bezugsort: tzp*Ver";20.72;;782.38
29.05.2024;27.05.2024;"Warenbez./Dienstleist. Ausl. / 1643659426 Bezugsort: binance";28.18;;803.10
29.05.2024;27.05.2024;"Warenbez./Dienstleist. Ausl. / 1643659207 Bezugsort: binance";234.80;;831.28
29.05.2024;27.05.2024;"Warenbez./Dienstleist. Ausl. / 1643659050 Bezugsort: binance";234.80;;1066.08
28.05.2024;28.05.2024;"Gutschrift / 1643919097 STRIPE PAYMENTS UK LTD 9TH FLOOR, 10";;85.64;1300.88
28.05.2024;24.05.2024;"Warenbez./Dienstleist. Ausl. / 1642549654 Bezugsort: PAYPAL ";1.16;;1215.24
27.05.2024;27.05.2024;"Gutschrift / 1643349938 STRIPE PAYMENTS UK LTD 9TH FLOOR, 10";;123.63;1216.40
27.05.2024;26.05.2024;"TWINT Gutschrift / 1643024960 Mauch Gabriele +41765533663 «?";;50.00;1092.77
27.05.2024;21.05.2024;"Warenbez./Dienstleist. Ausl. / 1641111312 Bezugsort: PAYPAL ";7.51;;1042.77
23.05.2024;23.05.2024;"Gutschrift / 1641640681 STRIPE PAYMENTS UK LTD 9TH FLOOR, 10";;110.93;1050.28
23.05.2024;19.05.2024;"Warenbez./Dienstleist. Ausl. / 1640479242 Bezugsort: PAYPAL ";9.28;;939.35
22.05.2024;22.05.2024;"Gutschrift / 1641231180 STRIPE PAYMENTS UK LTD 9TH FLOOR, 10";;36.58;948.63
21.05.2024;21.05.2024;"Gutschrift / 1640894289 Im Auftrag von Mauch Cyrus B., Sempa";;762.00;912.05
21.05.2024;19.05.2024;"Warenbez./Dienstleist. Ausl. / 1640474880 Bezugsort: BIFINIT";246.09;;150.05
21.05.2024;17.05.2024;"Warenbez./Dienstleist. Ausl. / 1639926252 Bezugsort: PAYPAL ";15.75;;396.14
21.05.2024;19.05.2024;"Warenbez./Dienstleist. Ausl. / 1640475926 Bezugsort: binance";238.28;;411.89
21.05.2024;17.05.2024;"Warenbez./Dienstleist. Ausl. / 1639781787 Bezugsort: PAYPAL ";9.61;;650.17
21.05.2024;21.05.2024;"Gutschrift / 1640680383 Im Auftrag von Mauch Cyrus B., Sempa";;7.00;659.78
20.05.2024;17.05.2024;"Warenbez./Dienstleist. Ausl. / 1639925556 Bezugsort: PAYPAL ";2.00;;652.78
20.05.2024;16.05.2024;"Warenbez./Dienstleist. Ausl. / 1639358052 Bezugsort: PAYPAL ";9.63;;654.78
20.05.2024;15.05.2024;"Warenbez./Dienstleist. Ausl. / 1639050587 Bezugsort: PAYPAL ";9.66;;664.41
20.05.2024;16.05.2024;"Warenbez./Dienstleist. Ausl. / 1639479765 Bezugsort: binance";13.94;;674.07
20.05.2024;16.05.2024;"Warenbez./Dienstleist. Ausl. / 1639478698 Bezugsort: binance";106.86;;688.01
17.05.2024;17.05.2024;"Gutschrift / 1639629677 STRIPE PAYMENTS UK LTD 9TH FLOOR, 10";;37.51;794.87
16.05.2024;16.05.2024;"Gutschrift / 1639356585 Im Auftrag von Mauch Cyrus B., Sempa";;25.00;757.36
16.05.2024;15.05.2024;"Warenbezug/Dienstleistung / 1638958259 Bezugsort: Aldi Suiss";5.15;;732.36
16.05.2024;15.05.2024;"Warenbezug/Dienstleistung / 1638962631 Bezugsort: Coop-1122 ";20.65;;737.51
15.05.2024;15.05.2024;"TWINT Gutschrift / 1638920075 Mauch Gabriele +41765533663 « ";;80.00;758.16
15.05.2024;15.05.2024;"Gutschrift / 1638789694 STRIPE PAYMENTS UK LTD 9TH FLOOR, 10";;37.57;678.16
15.05.2024;13.05.2024;"Warenbez./Dienstleist. Ausl. / 1638174231 Bezugsort: binance";92.45;;640.59
14.05.2024;11.05.2024;"Warenbezug/Dienstleistung / 1637685816 Bezugsort: EVENTLOGIS";99.00;;733.04
13.05.2024;13.05.2024;"TWINT Gutschrift / 1638273695 Mauch Christoph +41765533666 1";;41.00;832.04
13.05.2024;11.05.2024;"Warenbezug/Dienstleistung / 1637723021 Bezugsort: Coop-1122 ";3.70;;791.04
13.05.2024;12.05.2024;"TWINT Gutschrift / 1637900747 Mauch Christoph +41765533666 1";;77.00;794.74
13.05.2024;12.05.2024;"TWINT Gutschrift / 1637854973 Mauch Ain +41763776639 12.05.2";;67.00;717.74
13.05.2024;10.05.2024;"Warenbezug/Dienstleistung / 1637559184 Bezugsort: Coop-1122 ";40.70;;650.74
13.05.2024;09.05.2024;"Warenbez./Dienstleist. Ausl. / 1637124899 Bezugsort: BIFINIT";100.00;;691.44
10.05.2024;10.05.2024;"TWINT Gutschrift / 1637372298 Mauch Christoph +41765533666 1";;123.00;791.44
10.05.2024;10.05.2024;"Gutschrift / 1637319836 STRIPE PAYMENTS UK LTD 9TH FLOOR, 10";;68.58;668.44
06.05.2024;02.05.2024;"Warenbez./Dienstleist. Ausl. / 1634571456 Bezugsort: AMZN Mk";31.93;;599.86
06.05.2024;05.05.2024;"Warenbezug/Dienstleistung / 1635589527 Bezugsort: Benzin Dis";8.25;;631.79
06.05.2024;02.05.2024;"Warenbez./Dienstleist. Ausl. / 1634770460 Bezugsort: MoonPay";95.00;;640.04
06.05.2024;02.05.2024;"Warenbez./Dienstleist. Ausl. / 1634772108 Bezugsort: MoonPay";30.00;;735.04
03.05.2024;29.04.2024;"Warenbez./Dienstleist. Ausl. / 1632432335 Bezugsort: PAYPAL ";10.07;;765.04
03.05.2024;03.05.2024;"Gutschrift / 1634921161 Im Auftrag von Mauch Gabriele, Sempa";;100.00;775.11
02.05.2024;02.05.2024;"TWINT Gutschrift / 1634569106 Mauch Ain +41763776639 02.05.2";;32.00;675.11
30.04.2024;28.04.2024;"Warenbezug/Dienstleistung / 1631986275 Bezugsort: Ruedi Russ";9.55;;643.11
29.04.2024;21.04.2024;"Gutschrift Kartentransaktion / 1631865514 Bezugsort: QUANTUM";;7.48;652.66
29.04.2024;27.04.2024;"Warenbezug/Dienstleistung / 1631789705 Bezugsort: Coop-3705 ";1.05;;645.18
29.04.2024;26.04.2024;"Warenbezug/Dienstleistung / 1631348009 Bezugsort: Coop-3705 ";4.90;;646.23
26.04.2024;24.04.2024;"Warenbezug/Dienstleistung / 1629908389 Bezugsort: Coop-3705 ";1.95;;651.13
26.04.2024;25.04.2024;"Warenbezug/Dienstleistung / 1630852132 Bezugsort: Scall TS (";7.50;;653.08
25.04.2024;23.04.2024;"Warenbezug/Dienstleistung / 1629474984 Bezugsort: Coop-3705 ";1.45;;660.58
23.04.2024;21.04.2024;"Warenbez./Dienstleist. Ausl. / 1628673858 Bezugsort: QUANTUM";7.48;;662.03
22.04.2024;19.04.2024;"Warenbezug/Dienstleistung / 1628062207 Bezugsort: Coop-3705 ";2.50;;669.51
19.04.2024;15.04.2024;"Warenbez./Dienstleist. Ausl. / 1626393139 Bezugsort: PAYPAL ";12.85;;672.01
18.04.2024;16.04.2024;"Warenbezug/Dienstleistung / 1626634881 Bezugsort: JUMBO-2339";9.95;;684.86
16.04.2024;12.04.2024;"Warenbez./Dienstleist. Ausl. / 1625565089 Bezugsort: ARAMAK ";4.22;;694.81
16.04.2024;14.04.2024;"Warenbezug/Dienstleistung / 1625944264 Bezugsort: Ruedi Russ";9.25;;699.03
15.04.2024;13.04.2024;"Warenbezug/Dienstleistung / 1625797519 Bezugsort: Landi Mark";14.60;;708.28
15.04.2024;13.04.2024;"Warenbezug/Dienstleistung / 1625782276 Bezugsort: Ace Cafe S";16.50;;722.88
15.04.2024;12.04.2024;"Warenbez./Dienstleist. Ausl. / 1625660493 Bezugsort: SHELL 9";1.20;;739.38
15.04.2024;12.04.2024;"Warenbez./Dienstleist. Ausl. / 1625661514 Bezugsort: SHELL 9";4.83;;740.58
15.04.2024;13.04.2024;"TWINT Gutschrift / 1625797682 Zobrist Phil +41797568880 13.0";;4.00;745.41
15.04.2024;13.04.2024;"TWINT Gutschrift / 1625782517 Zobrist Phil +41797568880 13.0";;5.49;741.41
15.04.2024;13.04.2024;"TWINT Gutschrift / 1625782499 Mauch Ain +41763776639 13.04.2";;5.00;735.92
15.04.2024;11.04.2024;"Warenbez./Dienstleist. Ausl. / 1625270769 Bezugsort: KFC 659";10.07;;730.92
15.04.2024;11.04.2024;"Warenbezug/Dienstleistung / 1625063024 Bezugsort: Migros M E";2.65;;740.99
15.04.2024;11.04.2024;"Warenbezug/Dienstleistung / 1625071788 Bezugsort: Coop-1986 ";9.65;;743.64
15.04.2024;11.04.2024;"Warenbez./Dienstleist. Ausl. / 1625262847 Bezugsort: IBIS KO";3.93;;753.29
15.04.2024;11.04.2024;"Warenbezug/Dienstleistung / 1625064282 Bezugsort: Coop-3705 ";1.95;;757.22
15.04.2024;11.04.2024;"Warenbez./Dienstleist. Ausl. / 1625208877 Bezugsort: TB/GB B";1.00;;759.17
12.04.2024;10.04.2024;"Warenbezug/Dienstleistung / 1624818423 Bezugsort: SUMUP  *MA";25.00;;760.17
11.04.2024;09.04.2024;"Warenbezug/Dienstleistung / 1624334428 Bezugsort: Coop-1986 ";1.95;;785.17
10.04.2024;09.04.2024;"Warenbezug/Dienstleistung / 1624116572 Bezugsort: Scall TS (";6.25;;787.12
08.04.2024;07.04.2024;"Warenbezug/Dienstleistung / 1623644877 Bezugsort: Benzin Dis";7.35;;793.37
08.04.2024;06.04.2024;"Warenbezug/Dienstleistung / 1623470889 Bezugsort: Aldi Suiss";8.65;;800.72
08.04.2024;06.04.2024;"Warenbezug/Dienstleistung / 1623472829 Bezugsort: Migros M W";3.40;;809.37
08.04.2024;07.04.2024;"TWINT Gutschrift / 1623680134 Schuler Lea Evelyne +417748692";;4.01;812.77
05.04.2024;03.04.2024;"Warenbezug/Dienstleistung / 1622291257 Bezugsort: Scall TS (";7.00;;808.76
05.04.2024;03.04.2024;"Warenbezug/Dienstleistung / 1622302756 Bezugsort: Muller Han";29.50;;815.76
05.04.2024;05.04.2024;"Gutschrift / 1622999016 Im Auftrag von Mauch Gabriele, Sempa";;100.00;845.26
03.04.2024;01.04.2024;"Warenbez./Dienstleist. Ausl. / 1621122285 Bezugsort: Verse T";45.00;;745.26
01.04.2024;30.03.2024;"Warenbezug/Dienstleistung / 1620845289 Bezugsort: Scall TS (";6.45;;790.26
01.04.2024;30.03.2024;"Warenbezug/Dienstleistung / 1620879615 Bezugsort: Migros MM ";4.40;;796.71
26.03.2024;25.03.2024;"TWINT Überweisung / 1617889337 <3 Madame 25.03.24 / 22:13:31";5.00;;801.11
25.03.2024;24.03.2024;"Warenbezug/Dienstleistung / 1617131491 Bezugsort: Scall TS (";3.65;;806.11
25.03.2024;22.03.2024;"Warenbezug/Dienstleistung / 1616410689 Bezugsort: Scall TS (";3.90;;809.76
25.03.2024;22.03.2024;"Warenbezug/Dienstleistung / 1616443760 Bezugsort: Coop-1986 ";1.15;;813.66
20.03.2024;18.03.2024;"Warenbezug/Dienstleistung / 1614563359 Bezugsort: Agrola TS ";1.85;;814.81
20.03.2024;18.03.2024;"Warenbezug/Dienstleistung / 1614479960 Bezugsort: Restaurant";1.20;;816.66
20.03.2024;18.03.2024;"Warenbezug/Dienstleistung / 1614588314 Bezugsort: Scall TS (";7.00;;817.86
19.03.2024;17.03.2024;"Warenbezug/Dienstleistung / 1614294459 Bezugsort: Coop TS Kr";3.50;;824.86
19.03.2024;17.03.2024;"Warenbezug/Dienstleistung / 1614282480 Bezugsort: Scall TS (";5.05;;828.36
18.03.2024;16.03.2024;"Warenbezug/Dienstleistung / 1614149770 Bezugsort: Coop Tanks";3.50;;833.41
18.03.2024;16.03.2024;"Warenbezug/Dienstleistung / 1614173453 Bezugsort: Benzin Dis";6.15;;836.91
18.03.2024;16.03.2024;"Warenbezug/Dienstleistung / 1614207112 Bezugsort: Coop-1938 ";3.60;;843.06
18.03.2024;17.03.2024;"TWINT Gutschrift / 1614357807 Mauch Ain +41763776639 17.03.2";;9.00;846.66
18.03.2024;16.03.2024;"TWINT Überweisung / 1614232721 Bruda 16.03.24 / 17:07:55 Brud";9.00;;837.66
18.03.2024;16.03.2024;"TWINT Überweisung / 1614125814 Mama Ayla 16.03.24 / 07:17:39";380.00;;846.66
15.03.2024;15.03.2024;"TWINT Gutschrift / 1613967499 Mauch Gabriele +41765533663 15";;100.00;1226.66
14.03.2024;14.03.2024;"Gutschrift / 1613560144 Vergütung von Luzerner Kantonalbank ";;102.00;1126.66
13.03.2024;11.03.2024;"Warenbezug/Dienstleistung / 1612446822 Bezugsort: Coop-1986 ";1.15;;1024.66
13.03.2024;11.03.2024;"Warenbezug/Dienstleistung / 1612430604 Bezugsort: Benzin Dis";7.85;;1025.81
13.03.2024;10.03.2024;"Warenbez./Dienstleist. Ausl. / 1612016381 Bezugsort: PAYPAL ";9.42;;1033.66
11.03.2024;09.03.2024;"Warenbezug/Dienstleistung / 1611854544 Bezugsort: Coop-3705 ";8.15;;1043.08
11.03.2024;07.03.2024;"Gutschrift Kartentransaktion / 1611826541 Bezugsort: PAYPAL ";;86.40;1051.23
08.03.2024;03.03.2024;"Warenbez./Dienstleist. Ausl. / 1609528822 Bezugsort: AMZN Mk";39.60;;964.83
06.03.2024;04.03.2024;"Warenbezug/Dienstleistung / 1609976829 Bezugsort: Coop-1451 ";2.20;;1004.43
06.03.2024;04.03.2024;"Warenbezug/Dienstleistung / 1609952989 Bezugsort: Ruedi Russ";8.70;;1006.63
05.03.2024;05.03.2024;"Gutschrift / 1610171790 Im Auftrag von Mauch Gabriele, Sempa";;100.00;1015.33
05.03.2024;03.03.2024;"Warenbezug/Dienstleistung / 1609500336 Bezugsort: Ruedi Russ";2.70;;915.33
04.03.2024;03.03.2024;"TWINT Gutschrift / 1609528252 Mauch Ain +41763776639 «Du mes";;40.00;918.03
04.03.2024;03.03.2024;"TWINT Überweisung / 1609516457 Ffd 03.03.24 / 13:17:31 Ffd 03.";60.00;;878.03
04.03.2024;03.03.2024;"TWINT Gutschrift / 1609501763 Schuler Lea Evelyne +417748692";;4.00;938.03
29.02.2024;27.02.2024;"Warenbezug/Dienstleistung / 1606550303 Bezugsort: Coop-1122 ";8.50;;934.03
27.02.2024;25.02.2024;"Warenbezug/Dienstleistung / 1605494020 Bezugsort: BAECKEREI ";11.40;;942.53
27.02.2024;25.02.2024;"Warenbezug/Dienstleistung / 1605556593 Bezugsort: Ruedi Russ";3.85;;953.93
27.02.2024;25.02.2024;"Warenbezug/Dienstleistung / 1605556062 Bezugsort: Ruedi Russ";5.85;;957.78
26.02.2024;24.02.2024;"Warenbezug/Dienstleistung / 1605429396 Bezugsort: Coop-1122 ";6.25;;963.63
26.02.2024;24.02.2024;"Warenbezug/Dienstleistung / 1605352283 Bezugsort: Apoth.-Dro";21.50;;969.88
26.02.2024;23.02.2024;"Gutschrift Kartentransaktion / 1605477312 Bezugsort: PAYPAL ";;14.69;991.38
26.02.2024;24.02.2024;"TWINT Belastung / 1605349616 COOP-1122 SEMPACH, SEMPACH 24.0";21.45;;976.69
23.02.2024;21.02.2024;"Warenbezug/Dienstleistung / 1604100266 Bezugsort: Post CH AG";10.00;;998.14
22.02.2024;20.02.2024;"Warenbez./Dienstleist. Ausl. / 1603675092 Bezugsort: PAYPAL ";176.56;;1008.14
21.02.2024;19.02.2024;"Warenbezug/Dienstleistung / 1603370087 Bezugsort: Coop-1122 ";8.95;;1184.70
20.02.2024;19.02.2024;"Warenbezug/Dienstleistung / 1603423979 Bezugsort: Benzin Dis";9.10;;1193.65
19.02.2024;19.02.2024;"Vergütung / 1603409922 Zu Gunsten von Mauch Cyrus B., Sempac";1000.00;;1202.75
16.02.2024;14.02.2024;"Warenbezug/Dienstleistung / 1601629616 Bezugsort: Coop-1451 ";8.70;;2202.75
16.02.2024;14.02.2024;"Warenbezug/Dienstleistung / 1601480355 Bezugsort: Migros Zur";6.00;;2211.45
14.02.2024;14.02.2024;"TWINT Überweisung / 1601637385 <3 Madame « trinkgeld för mie";11.05;;2217.45
14.02.2024;14.02.2024;"TWINT Gutschrift / 1601634822 Schuler Lea Evelyne +417748692";;18.50;2228.50
14.02.2024;12.02.2024;"Warenbezug/Dienstleistung / 1600875281 Bezugsort: Coop-1122 ";5.85;;2210.00
14.02.2024;12.02.2024;"Warenbezug/Dienstleistung / 1600891572 Bezugsort: Coop-1122 ";3.90;;2215.85
14.02.2024;14.02.2024;"Vergütung / 1601104810 DHL Express (Schweiz) AG     Schweiz";27.25;;2219.75
13.02.2024;13.02.2024;"TWINT Belastung / 1601241659 SBB CFF FFS, BERN 13.02.24 / 17";42.40;;2247.00
13.02.2024;13.02.2024;"TWINT Belastung / 1601234110 BARBER SHOP KAKO, SEMPACH- STAT";30.00;;2289.40
12.02.2024;12.02.2024;"TWINT Belastung / 1600853187 POST ONLINE, ZOLLIKOFEN 12.02.2";1.20;;2319.40
09.02.2024;07.02.2024;"Warenbez./Dienstleist. Ausl. / 1599408604 Bezugsort: AMZN Mk";68.98;;2320.60
07.02.2024;03.02.2024;"Warenbez./Dienstleist. Ausl. / 1598095019 Bezugsort: PAYPAL ";36.12;;2389.58
05.02.2024;05.02.2024;"Gutschrift / 1598396769 Im Auftrag von Mauch Gabriele, Sempa";;100.00;2425.70
05.02.2024;31.01.2024;"Warenbez./Dienstleist. Ausl. / 1596379472 Bezugsort: AMZN Mk";45.18;;2325.70
05.02.2024;01.02.2024;"Warenbezug/Dienstleistung / 1597237753 Bezugsort: Coop-1122 ";2.70;;2370.88
02.02.2024;31.01.2024;"Warenbezug/Dienstleistung / 1596445094 Bezugsort: EPC*FORTNI";7.59;;2373.58
02.02.2024;31.01.2024;"Warenbezug/Dienstleistung / 1596524752 Bezugsort: Coop-1122 ";11.50;;2381.17
02.02.2024;31.01.2024;"Warenbezug/Dienstleistung / 1596524694 Bezugsort: Coop-1122 ";16.85;;2392.67
31.01.2024;29.01.2024;"Warenbezug/Dienstleistung / 1595062376 Bezugsort: Coop-1986 ";1.50;;2409.52
30.01.2024;29.01.2024;"Warenbezug/Dienstleistung / 1595033922 Bezugsort: Agrola Tan";12.44;;2411.02
30.01.2024;28.01.2024;"Warenbez./Dienstleist. Ausl. / 1594512445 Bezugsort: Gaijin ";0.97;;2423.46
29.01.2024;29.01.2024;"Einzahlung Bancomat Noten / 1595031335 Bancomat: LUKB Sempac";;540.00;2424.43
25.01.2024;25.01.2024;"Vergütung / 1593399717 Baloise Versicherung AG Postfach  4002 B";419.50;;1884.43
25.01.2024;25.01.2024;"Gutschrift / 1593033761 Manpower SA Rue du Sablon 2-4 1110 M";;1701.25;2303.93
24.01.2024;22.01.2024;"Warenbezug/Dienstleistung / 1591963396 Bezugsort: MICROSOFT*";203.99;;602.68
23.01.2024;23.01.2024;"TWINT Belastung / 1592287232 COOP-1122 SEMPACH, SEMPACH 23.0";15.70;;806.67
23.01.2024;23.01.2024;"Vergütung / 1592260833 Strassenverkehrsamt des Kantons Luzern";134.50;;822.37
23.01.2024;21.01.2024;"Warenbezug/Dienstleistung / 1591600970 Bezugsort: Coop-3705 ";4.45;;956.87
22.01.2024;31.01.2024;"Ersatzkartengebühr / 1591968902 4395 XXXX XXXX 5985 4395 XXXX";20.00;;961.32
22.01.2024;20.01.2024;"Warenbezug/Dienstleistung / 1591366237 Bezugsort: SUMUP  *KO";9.00;;981.32
22.01.2024;20.01.2024;"Warenbezug/Dienstleistung / 1591456161 Bezugsort: laSuite fi";15.00;;990.32
22.01.2024;18.01.2024;"Warenbezug/Dienstleistung / 1590491108 Bezugsort: Agrola Top";6.95;;1005.32
19.01.2024;19.01.2024;"TWINT Überweisung / 1590966234 Donner 19.01.24 / 14:51:42 Don";11.00;;1012.27
18.01.2024;18.01.2024;"TWINT Überweisung / 1590457224 Rando «Ricardo» 18.01.24 / 10";58.00;;1023.27
18.01.2024;16.01.2024;"Warenbezug/Dienstleistung / 1589708766 Bezugsort: Agrola Top";3.70;;1081.27
17.01.2024;15.01.2024;"Warenbezug/Dienstleistung / 1589429730 Bezugsort: 161.00 ave";2.20;;1084.97
15.01.2024;13.01.2024;"Warenbezug/Dienstleistung / 1588929522 Bezugsort: Coop-1122 ";5.80;;1087.17
15.01.2024;12.01.2024;"Warenbezug/Dienstleistung / 1588770825 Bezugsort: Coop-1122 ";2.60;;1092.97
15.01.2024;12.01.2024;"Warenbez./Dienstleist. Ausl. / 1588727746 Bezugsort: Gaijin ";4.91;;1095.57
15.01.2024;13.01.2024;"TWINT Belastung / 1588996706 MOISCHTER PIZZA&KEBAP, BEROMUNS";44.00;;1100.48
15.01.2024;13.01.2024;"TWINT Gutschrift / 1588999875 Naf Julia +41787145988 «Plus t";;11.05;1144.48
15.01.2024;11.01.2024;"Warenbezug/Dienstleistung / 1588335581 Bezugsort: Agrola Top";2.60;;1133.43
12.01.2024;10.01.2024;"Gutschrift Kartentransaktion / 1588552077 Bezugsort: PAYPAL ";;75.52;1136.03
11.01.2024;09.01.2024;"Warenbezug/Dienstleistung / 1587499208 Bezugsort: SUMUP  *KO";8.00;;1060.51
11.01.2024;11.01.2024;"Gutschrift / 1588137259 Manpower SA Rue du Sablon 2-4 1110 M";;715.00;1068.51
10.01.2024;08.01.2024;"Warenbez./Dienstleist. Ausl. / 1587261503 Bezugsort: Z2U.com";1.18;;353.51
09.01.2024;06.01.2024;"Warenbez./Dienstleist. Ausl. / 1586761336 Bezugsort: Gaijin ";0.97;;354.69
08.01.2024;08.01.2024;"Vergütung / 1586699157 Scherrer-Motos AG     Schweiz Info: 06.01.2";3900.00;;355.66
08.01.2024;06.01.2024;"TWINT Überweisung / 1586716590 Dady 06.01.24 / 15:55:40 Dady 0";216.00;;4255.66
08.01.2024;06.01.2024;"TWINT Belastung / 1586467401 MARCHE-5120 KEMPTTHAL, KEMPTTHA";1.00;;4471.66
08.01.2024;06.01.2024;"Einzahlung Bancomat Münzen / 1586459486 Bancomat: LUKB Berom";;50.05;4472.66
08.01.2024;04.01.2024;"Warenbezug/Dienstleistung / 1585867591 Bezugsort: Agrola Top";3.95;;4422.61
05.01.2024;05.01.2024;"Gutschrift / 1586050949 Im Auftrag von Mauch Gabriele, Sempa";;100.00;4426.56
05.01.2024;05.01.2024;"Vergütung / 1585898812 Strassenverkehrsamt des Kantons Luzern";81.50;;4326.56
04.01.2024;02.01.2024;"Warenbezug/Dienstleistung / 1584720514 Bezugsort: Agrola Top";1.75;;4408.06
03.01.2024;01.01.2024;"Warenbezug/Dienstleistung / 1584335800 Bezugsort: Stockli Sw";118.00;;4409.81
02.01.2024;01.01.2024;"TWINT Gutschrift / 1584498918 Mauch Christoph +41765533666 0";;118.00;4527.81
02.01.2024;26.12.2023;"Warenbez./Dienstleist. Ausl. / 1579688724 Bezugsort: PAYPAL ";92.67;;4409.81
02.01.2024;27.12.2023;"Warenbezug/Dienstleistung / 1580545495 Bezugsort: PAYPAL *DH";21.79;;4502.48
02.01.2024;29.12.2023;"Warenbezug/Dienstleistung / 1582036012 Bezugsort: Agrola Top";2.00;;4524.27
02.01.2024;29.12.2023;"Warenbezug/Dienstleistung / 1582317564 Bezugsort: Coop-3705 ";5.65;;4526.27
02.01.2024;30.12.2023;"Warenbezug/Dienstleistung / 1584125372 Bezugsort: Migros MMM";5.00;;4531.92
02.01.2024;30.12.2023;"Warenbezug/Dienstleistung / 1584126694 Bezugsort: Migros MMM";0.95;;4536.92
